4854 6182
565 407 611 478 etl
981 429 1293 486 nunareta
1342 389 1725 490 ratrxtonotr.

615 604 692 678 Cor.
713 629 740 675 t.
758 603 871 688 Hinc,
890 607 1024 702 sagitte
1040 629 1214 682 cervarum
1231 633 1390 707 qnoque,
1407 635 1489 706 qnae
1505 609 1639 682 cherdes
1654 635 1785 686 arcemn
1800 611 1963 707 daphnen
1980 613 2144 702 hilarent,

565 721 599 772 et
617 707 660 776 ad
678 705 799 776 datum
819 721 975 776 centrum
1005 707 1120 778 mott'rs
1147 733 1382 803 convergunt,
1398 711 1475 802 sent
1503 713 1596 782 critiae
1623 712 1732 784 ultime
1760 725 1797 784 tet
1822 711 1983 808 quadrata
2011 741 2145 790 arentem

565 811 830 874 eer.te›·nn'n0rr·rn.
888 803 980 873 Nam
996 808 1131 896 sagitte
1147 806 1214 880 ille
1231 807 1305 880 sunt
1325 829 1362 882 ut
1386 810 1538 882 ordinere
1554 826 1702 894 externe,
1727 830 1763 884 et
1787 835 1883 887 arens
1909 835 1992 886 cum
2018 815 2146 888 elrordie

563 900 687 972 ntnmu
705 901 917 990 coineiclent,
944 929 1003 998 pet
1021 905 1110 978 Lern.
1132 931 1167 1000 7.

618 1071 691 1143 Cor.
714 1098 748 1144 a.
778 1073 932 1167 Ideoque
945 1080 1079 1168 sagitte
1104 1077 1170 1150 ille
1186 1081 1268 1176 sunl
1293 1081 1327 1147 r'rr
1352 1071 1520 1170 duplicate
1544 1077 1667 1148 ratione
1694 1093 1866 1172 temperem
1893 1081 2007 1176 quibus
2032 1099 2146 1174 eorpus

560 1171 643 1242 dare
658 1171 826 1242 velociore
842 1173 985 1266 describit
1002 1199 1097 1246 arens
1114 1203 1207 1270 qnam
1233 1178 1385 1246 enirn'rner.
1438 1175 1530 1246 Nam
1555 1175 1634 1244 data
1656 1177 1854 1262 velocitate,
1881 1181 1917 1252 hi
1943 1206 2043 1255 arcus
2068 1183 2146 1256 sunt

563 1288 797 1366 intempore,
825 1293 859 1343 et
877 1273 1022 1368 proinde
1042 1277 1209 1370 quadrata
1225 1297 1369 1346 arcuum
1389 1289 1426 1344 ut
1443 1273 1614 1368 quadrata
1630 1295 1846 1372 tempotum.
2069 1291 2073 1299 '

613 1503 633 1571 6
639 1527 674 1596 3.
704 1507 824 1596 Atque
843 1501 920 1576 sunt
939 1505 1014 1576 lraec
1033 1507 1198 1601 principia
1214 1504 1444 1576 mathematica
1464 1497 1703 1598 generaliffirne,
1730 1531 1881 1602 quotum
1907 1533 1978 1606 ope
1998 1511 2146 1584 demon·

561 1598 642 1670 strat
667 1601 849 1672 Newtenns
876 1602 910 1673 itt
938 1603 1160 1698 sequentibus
1190 1601 1496 1700 propositionibus,
1523 1609 1683 1676 δείλῃ.
1713 1609 1851 1679 rationes
1878 1613 1997 1682 virium
2024 1614 2144 1683 centes·

557 1715 707 1792 peterem
725 1699 769 1770 acl
788 1699 967 1784 invicem3
995 1701 1128 1798 legesque
1151 1699 1343 1774 secundum
1360 1725 1447 1796 quas
1471 1724 1618 1798 corpora
1644 1703 1736 1774 circe
1765 1728 1956 1780 commune
1983 1725 2146 1781 centrum

562 1797 922 1993 perdtuqrqqolpentia,
949 1803 1184 1874 accelerantur
1200 1819 1260 1874 aut
1276 1803 1492 1874 retardantur
1509 1825 1574 1898 pto
1599 1801 1740 1877 diversis
1767 1804 1785 1876 a
1813 1819 1935 1880 centro
1963 1805 2145 1880 distantiis.

597 1921 607 1967 1
635 1919 655 1968 e
764 1951 775 1986 ‚
821 1926 840 1993 9
861 1923 892 1970 et
916 1921 998 1996 103.
1018 1921 1028 1940 ·

929 2181 1775 2226 m

1035 2409 1091 2481 De
1115 2408 1304 2482 Fluxionnnr
1330 2409 1499 2484 Elencrnis
1525 2411 1658 2486 Primis.

1164 2651 1516 2684 ψ

609 2827 673 2916 ⁴64.
705 2829 790 2924 Qto
819 2825 933 2924 magis
963 2847 1077 2926 pateat
1100 2827 1245 2926 hujstsce
1275 2829 1459 2919 Methodi,
1486 2829 1554 2901 five
1576 2827 1772 2902 Flnxt'onelis
1801 2827 1872 2899 stre
1896 2825 2144 2920 Dr'fferenlt'nlls,

557 2923 735 3000 evidentia
752 2947 786 3000 et
803 2927 991 3016 certitud0‚
1011 2927 1121 3002 visum
1141 2929 1188 3000 est
1208 2943 1232 2976 ‘⁸
1242 2927 1485 3024 stendernentnrn
1504 2925 1610 3000 totins
1628 2927 1818 3000 methodi'’
1835 2925 2000 3020 inspicere
2019 2949 2051 3000 et
2063 2952 2143 3024 per·

387 3129 392 3138 ⁸
506 3025 508 3030 ’
559 3021 714 3110 scrutari,
734 3026 837 3122 quale
854 3027 940 3100 illud
953 3027 1072 3102 lituxit
1090 3027 1213 3102 artifex
1231 3028 1288 3100 ille
1306 3030 1465 3127 egregius
1484 3027 1518 3098 in
1531 3027 1838 3126 Lentrrateseceenle
1855 3027 1930 3100 Lib.
1946 3050 1979 3100 a.
2001 3027 2143 3121 Princt’p.

555 3123 770 3222 -nlterit‘tsqne
796 3127 911 3200 obiter
935 3127 1109 3224 exposuit,
1138 3126 1174 3200 in
1205 3127 1338 3218 Anelyfi
1358 3145 1417 3220 per
1442 3129 1547 3202 Series
1575 3125 1714 3198 Nunero
1744 3129 1959 3199 ‘terminorum
1987 3126 2143 3211 nfinitus,

555 3242 664 3318 atque
683 3223 716 3296 itt
742 3225 956 3320 Qedreturd
973 3229 1161 3300 Curvarern
1173 3249 1317 3318 ;-qnae
1345 3225 1411 3294 tria
1434 3249 1541 3320 opera
1562 3234 1589 3268 ‘⁴
1605 3223 1758 3292 chordam
1777 3225 1931 3314 triplicem
1946 3221 2153 3309 banlsneilea

557 3321 840 3418 dr's‘rempendern”
864 3325 1093 3408 constituunt,
1120 3325 1174 3392 vel
1198 3322 1331 3392 viribus
1353 3323 1629 3394 obtrec‘iatorum
1649 3322 1877 3392 Britannorum
1892 3319 1948 3390 vel
1965 3317 2144 3413 Gallorum,

556 3423 616 3492 ael
633 3421 781 3494 aliorum
800 3421 1007 3518 quorumvis
1023 3423 1145 3497 contri
1162 3423 1253 3494 hanc
1270 3417 1468 3494 dotcrinam
1487 3415 1631 3492 infauste
1649 3417 1945 3492 combinatotnm.
2054 3451 2058 3460 ·
2099 3433 2101 3438 ·

609 3647 669 3731 65.
696 3639 883 3712 Terminos
901 3640 1102 3718 fluxionum
1120 3641 1271 3716 technictrs
1296 3637 1377 3714 scire·
1405 3635 1528 3714 definit
1547 3639 1741 3727 Newtenns,
1767 3657 1802 3710 et
1823 3633 2036 3734 expositione
2066 3635 2148 3710 satis

555 3735 715 3812 dlucidt
732 3739 911 3838 distinguit
925 3769 937 3813 t

509 3933 519 3952 ·
614 3913 646 3962 t.
675 3897 701 3930 “
722 3887 872 3959 Genitam
891 3909 996 3970 voco,
1021 3885 1253 3980 quantitatem
1272 3909 1414 3960 omnem
1431 3911 1511 3981 quaa
1537 3909 1582 3956 ex
1607 3885 1775 3955 lateribus
1797 3887 1853 3958 vel
1882 3885 2037 3958 terminis
2065 3887 2148 3980 qui-

558 3986 779 4082 bnscnnque,
806 3985 841 4056 in
860 3987 1159 4068 Antrnntertcn
1179 4011 1237 4082 per
1256 3985 1598 4082 multiplicationem,
1616 3981 1823 4054 divisionem
1841 4005 1875 4056 et
1893 3983 2145 4056 extrastionetu

561 4085 748 4168 radicnm;
777 4085 810 4156 in
831 4087 1093 4180 Gaonttatn,
1121 4109 1182 4181 pet
1212 4084 1455 4159 inventionem
1483 4087 1539 4156 vel
1567 4101 1810 4155 contentorum
1840 4100 1874 4150 et
1902 4081 2061 4166 latentm,
2088 4081 2146 4152 vel

560 4205 795 4256 extremarum
813 4205 846 4257 et
866 4183 1059 4255 mediarum
1079 4185 1407 4282 proportionalium,
1433 4189 1502 4256 srrte
1523 4181 1701 4254 additione
1723 4198 1757 4258 et
1781 4176 2012 4252 subduntone
2038 4203 2145 4272 getre-

562 4307 704 4356 rantut:
745 4281 913 4381 ejusmodi
945 4281 1156 4378 quantitates
1186 4283 1265 4358 sunt
1291 4287 1399 4380 felli,
1429 4287 1530 4378 quoti,
1561 4281 1714 4366 radices,
1751 4276 1945 4370 rellangnlen
1974 4277 2146 4372 quadrata,

563 4386 647 4470 culi,
665 4385 770 4456 latera
790 4385 967 4480 quadrata,
993 4381 1098 4456 latera
1114 4383 1238 4471 cubica,
1256 4402 1290 4454 et
1308 4383 1446 4457 similes.
1500 4383 1577 4453 Has
1595 4379 1817 4476 quantitates,
1834 4392 1870 4448 ut
1887 4374 2145 4449 indeterminatae

562 4503 595 4552 et
614 4480 805 4573 instabiles,
830 4504 863 4557 et
884 4482 973 4581 qnefi
986 4495 1072 4556 metu
1086 4481 1223 4574 fluerltre
1243 4498 1394 4582 perpetuo
1417 4475 1604 4556 crescentes
1622 4479 1678 4550 vel
1704 4473 1949 4566 decrescentes,
1974 4475 2035 4550 lire
2060 4499 2145 4550 con·

561 4583 694 4653 sidero:
722 4603 757 4654 et

614 4757 647 4806 2.
669 4740 696 4776 ‘⁴
716 4732 850 4804 Earum
868 4729 1080 4814 incremetita
1096 4735 1152 4806 vel
1170 4733 1393 4808 decrementa
1409 4749 1667 4813 momentanea,
1687 4729 1750 4802 sub
1769 4726 1913 4804 nomine
1929 4743 2145 4804 mememoratur

561 4829 720 4930 intelligo
735 4860 744 4917 ς
765 4831 812 4904 ira
827 4851 865 4903 nt
882 4835 1089 4918 Incrementa,
1109 4857 1172 4929 pro
1188 4837 1350 4906 monentis
1365 4833 1529 4906 addititiis
1546 4827 1604 4902 seu
1620 4827 1848 4924 affirmativis3
1865 4852 1906 4904 ac
1919 4827 2144 4910 Deerernente,

561 4955 627 5036 pro
637 4933 846 5029 subdullitiir
863 4931 919 5006 seu
937 4933 1114 5028 negativis,
1139 4933 1341 5007 habeantur.

1305 5057 1328 5130 9
1914 5021 1973 5094 66.
2000 5025 2028 5064 “
2048 5019 2146 5094 Care
