4854 6182
531 441 577 512 66
1025 451 1617 522 austronotius,

310 646 390 703 Quid
403 645 434 702 fit
476 689 478 698 ,
614 645 640 682 ‘⁴
659 635 690 710 E
707 631 878 708 contrario
896 647 1031 718 sutem,
1055 627 1090 699 iti
1108 629 1316 724 rumpesttioire
1335 629 1379 720 (tu
1394 625 1558 720 uolatu)
1578 627 1760 724 cognitum
1781 626 1868 702 illud
1886 626 1921 702 in
1938 631 2128 718 resolutione

312 723 453 813 synthiſsi,
472 722 526 783 ⁸³st
538 733 665 811 ultimo
682 737 761 808 loco
784 729 1007 828 acquisitum,
1034 748 1075 800 tit
1088 729 1162 822 jairi
1180 729 1311 821 setium
1337 728 1598 822 praemittentes,
1624 749 1657 799 et
1687 751 1769 825 qiiae
1797 727 1844 798 ibi
1872 731 2125 828 consequentia

313 803 471 882 C⁰ms⁰ſs²⁸⁰'
535 855 645 916 erant,
672 835 731 906 liic
751 853 786 902 ut
812 826 1069 917 antecedentia,
1096 825 1240 900 naturali
1271 828 1393 899 ordine
1422 826 1658 924 disponentes,
1684 851 1790 924 atque
1821 827 1908 902 inter
1934 831 1966 904 se
1997 833 2124 904 conse·

534 959 661 1026 rentes,
696 933 840 1006 tandein
870 931 913 1004 ad
945 929 1196 1020 construtiienaii
1230 925 1363 1022 qiiaesiti
1394 926 1632 1024 pervenimus.
1684 927 1771 1000 Hoc
1801 945 1918 1004 autem
1949 953 2124 1005 vocamus
2189 987 2194 998 .

535 1037 709 1130 Syntbeſsri.

584 1197 608 1230 “
629 1184 773 1279 Duplex
793 1201 909 1252 autem
928 1177 977 1252 est
992 1177 1151 1278 tuipsius
1169 1201 1301 1274 genus:
1332 1179 1388 1250 vel
1410 1177 1504 1248 enirn
1523 1179 1571 1250 est
1588 1177 1657 1250 veti
1683 1175 1896 1274 indagatrix,
1923 1179 2127 1284 dicitsirque

534 1285 731 1373 Theoretica,
764 1285 817 1353 tel
848 1278 1011 1376 propositi
1036 1273 1295 1372 investigatrix,
1330 1299 1371 1348 ac
1401 1275 1635 1350 Problematica
1663 1297 1820 1352 vocatur.
1887 1281 1927 1351 ln
1953 1283 2126 1358 theoretico

532 1409 652 1460 autem
670 1405 809 1482 genere,
836 1381 920 1476 quod
943 1383 1107 1474 queritur,
1138 1379 1257 1450 reverti
1284 1379 1387 1474 irase
1415 1377 1534 1448 habere
1550 1379 1782 1470 supponentem
1809 1401 1847 1450 ee
1870 1379 1982 1452 deiude
2002 1402 2063 1476 per
2084 1409 2129 1460 ea

532 1511 603 1584 que
617 1489 848 1579 corfiquuneur,
865 1481 949 1574 queist
965 1501 1049 1548 uera
1060 1477 1144 1564 ſset,
1174 1483 1229 1568 sut
1247 1475 1323 1546 l'imt
1341 1501 1380 1546 ex
1396 1477 1583 1570 hypothifi,)
1604 1493 1872 1570 argumentantes,
1891 1479 1937 1548 ad
1948 1483 2128 1554 evidentem

533 1591 679 1679 aliquam
702 1581 912 1674 iiictuſjonem
941 1579 1009 1672 (tiri
1024 1603 1052 1646 ri
1068 1577 1308 1672 ipiloyiipeini)
1330 1573 1538 1668 procedimus.
1590 1577 1671 1668 Jnm
1692 1577 1712 1644 si
1730 1575 1879 1668 coneluſso
1897 1577 1957 1650 illa
1972 1605 2053 1650 vere
2073 1585 2129 1668 fit,

532 1708 614 1755 vera
633 1681 680 1752 est
698 1701 844 1774 quoque
865 1675 1035 1772 propifitio
1051 1673 1096 1744 de
1113 1676 1181 1768 qud
1199 1674 1389 1768 quaesturi
1417 1697 1457 1746 ac
1480 1673 1729 1747 demonstratio
1746 1677 1922 1771 reciproce
1941 1683 2131 1774 respondet

533 1783 671 1875 anapesti
698 1775 826 1850 siveris
843 1775 877 1848 in
894 1775 1017 1871 seqare
1043 1774 1303 1846 conclusionem
1335 1771 1544 1860 incidamus,
1559 1775 1682 1873 fulsum
1712 1798 1857 1871 quoque
1886 1777 1951 1850 erit
1977 1778 2023 1852 de
2052 1806 2130 1877 quo

532 1902 712 1978 quaeritur.

584 2034 609 2072 “
627 2025 666 2098 In
686 2021 911 2122 proii'eeiatieu
935 2022 1020 2094 vetis
1047 2045 1187 2119 genere,
1214 2020 1300 2119 quod
1313 2026 1520 2118 proponitur,
1550 2035 1587 2096 ut
1606 2025 1679 2116 jam
1706 2025 1864 2114 cognituri
1887 2023 2044 2114 fidentes,
2065 2047 2132 2124 per

534 2151 572 2200 ea
588 2150 657 2224 quie
673 2123 783 2196 exinde
798 2127 1021 2218 consequuntur
1038 2137 1188 2222 tauquam
1205 2143 1299 2202 itera,
1314 2121 1521 2214 perducimur
1538 2123 1586 2190 ad
1599 2119 1810 2210 toiielusturiem
1828 2124 1977 2220 aliquam.
2017 2127 2132 2228 Qibd

537 2227 560 2298 si
589 2223 766 2296 conclusio
794 2221 853 2292 illa
883 2221 1032 2314 prfflbilis
1064 2222 1102 2290 fit
1132 2243 1172 2290 ac
1200 2247 1349 2320 eripietur
1379 2224 1496 2314 (quod
1529 2221 1763 2292 mathematici
1794 2221 1903 2291 ditum
1931 2228 2131 2322 appellant)

529 2321 833 2422 posibileqtioque
859 2322 921 2392 erit
947 2321 1044 2417 quod
1074 2321 1305 2421 proponitur:
1334 2319 1380 2389 Et
1412 2317 1470 2390 liic
1501 2343 1647 2416 quoque
1672 2319 1921 2394 demonstratio
1951 2323 2134 2420 reciproce

538 2421 721 2520 respondet
738 2419 878 2510 onulfi:
908 2422 929 2492 si
949 2419 1031 2493 vetii
1050 2419 1243 2492 incidamus
1261 2419 1295 2492 in
1315 2419 1575 2492 conclusionem
1592 2415 1812 2514 impifflbilrm,
1840 2421 1905 2494 erit
1921 2423 2028 2496 etiitui
2046 2451 2131 2523 pro-

539 2525 657 2596 blema
673 2521 860 2614 imptffibise.

605 2679 634 2715 “
654 2673 831 2764 Diorpmus
860 2685 978 2738 atitetn
1013 2666 1203 2766 (dioprepes),
1240 2669 1309 2738 five
1339 2666 1568 2748 dcteirniiiaeio,
1602 2667 1653 2739 est
1682 2667 1751 2763 qui
1780 2669 1984 2742 discernitur
2036 2677 2133 2751 uibus

540 2768 817 2850 conditionibus,
846 2785 877 2836 et
899 2784 985 2861 qiiot
1005 2769 1135 2854 modis,
1156 2765 1337 2860 problema
1355 2763 1444 2837 effici
1463 2762 1587 2862 potest.
1639 2765 1759 2864 Atque
1784 2769 1861 2840 haec
1885 2769 1930 2841 de
1946 2701 2033 2867 rests

542 2893 576 2944 et
594 2867 803 2964 coruptfitiriie
820 2865 915 2937 dida
931 2865 1171 2939 sunto.”-—

2026 2780 2138 2850 utioue

588 3088 669 3164 137.
680 3063 898 3136 -“Veri“im
912 3061 1205 3174 perpendendum
1214 3059 1262 3134 est
1275 3065 1393 3155 (notat
1406 3059 1556 3174 Hadru)
1568 3059 1664 3134 aliud
1675 3061 1743 3134 else
1759 3067 1938 3174 problema
1946 3071 2139 3170 aliqualiter

540 3167 729 3242 resolutum
748 3165 844 3252 dare,
870 3167 966 3260 quod
988 3163 1103 3236 modis
1121 3187 1226 3272 variis
1247 3161 1453 3258 pleriimque
1470 3163 1541 3234 fieri
1561 3162 1694 3272 potesse
1722 3165 1831 3251 altud,
1847 3169 1990 3240 suethidi
2006 3179 2136 3268 rugan.

541 3266 655 3358 tiffiiiui
681 3265 714 3335 id
739 3262 901 3337 efficere:
930 3253 1060 3356 Auolysi
1089 3261 1286 3334 brevissimi
1309 3283 1348 3368 ¹et
1377 3260 1477 3333 stitisil
1502 3263 1708 3356 perspicitisi
1736 3263 1874 3353 Synthest
1901 3267 2073 3342 concinnit
2101 3295 2139 3348 et

541 3361 690 3466 minime}
717 3359 874 3457 operosi.
926 3365 1008 3434 Hoc
1041 3383 1174 3432 veteres
1207 3359 1405 3455 praestitisse,
1437 3379 1645 3455 argumento
1675 3360 1725 3432 est
1751 3360 1913 3454 Apit'iiiii
1941 3366 2054 3440 Liber
2081 3373 2139 3446 De

545 3470 686 3541 Seretine
707 3461 894 3532 meionis?

472 3709 485 3736 .
600 3688 680 3780 138.
705 3689 783 3736 -—“
806 3679 860 3750 Ex
879 3673 946 3768 his,
965 3679 1087 3768 cretio,
1110 3675 1327 3756 minisestum
1347 3675 1394 3752 est
1423 3683 1559 3778 (monet
1590 3703 1732 3780 quoque
1750 3677 1945 3774 Nucerinus,
1971 3694 2139 3786 DeRefii-
2226 3693 2230 3701 '

547 3789 662 3862 sulione
681 3778 896 3877 Quaestiouum
911 3785 1216 3876 Geometiicarurii,)
1238 3784 1322 3878 quid
1343 3784 1403 3854 sibi
1424 3782 1532 3854 velint
1547 3783 1731 3866 Geometrae,
1751 3807 1834 3857 cum
1844 3781 1988 3880 jubent,
2021 3799 2033 3834 ⁸
2044 3805 2141 3888 putes

540 3889 669 3982 sarium
701 3882 756 3974 effe
780 3879 864 3974 quod
887 3883 1006 3972 quietis
1020 3885 1044 3948 :¹
1071 3881 1182 3950 Nullo
1212 3884 1306 3952 enim
1338 3881 1426 3952 inter
1454 3881 1611 3974 cognitas
1639 3903 1674 3950 et
1696 3883 1900 3978 incognitas
1930 3908 2142 3984 quantitates

552 3985 672 4056 habito
700 3979 911 4060 discrimine,
938 3977 1088 4072 quassibet
1115 3982 1159 4050 ad
1187 3977 1381 4050 ineundum
1404 3981 1579 4050 calculum
1605 3981 1752 4072 affirmere
1776 4006 1888 4078 potes,
1917 3990 2013 4082 quali
2041 4012 2144 4060 omnes

552 4109 598 4156 ex
619 4080 747 4176 piaeiii
765 4077 935 4146 solutione
953 4080 1059 4148 essent
1079 4100 1194 4160 notaei
1221 4098 1255 4152 et
1273 4103 1342 4150 non
1365 4078 1516 4173 amplius
1543 4079 1588 4150 de
1599 4079 1758 4173 solutione
1774 4085 1982 4178 problematis
2010 4088 2067 4158 sed
2095 4088 2142 4160 de

548 4183 739 4279 probatione
758 4181 926 4273 solutionis
954 4181 1229 4273 agei·etui.''-“
1247 4179 1424 4251 Convenit
1455 4199 1495 4249 ut
1524 4177 1635 4273 fingas
1664 4181 1892 4274 qiiaestionem
1922 4187 1966 4256 de
1995 4186 2145 4284 piffmodi

555 4283 681 4356 datiset
693 4283 824 4376 quesitis
838 4279 1047 4372 propositam
1067 4279 1132 4356 esse
1150 4303 1209 4374 per
1224 4305 1309 4377 quas
1325 4279 1499 4352 arbitreris
1516 4297 1549 4350 te
1566 4277 1660 4374 posse
1677 4281 1720 4350 ad
1736 4282 1971 4378 aquationem
1979 4284 2147 4378 facillime

557 4377 853 4478 pervenire.'’-“
872 4379 965 4450 Curti
1000 4379 1112 4448 varios
1140 4382 1280 4452 ordines
1309 4385 1436 4476 quibus
1464 4377 1604 4449 termini
1635 4379 1835 4473 quaestionis
1866 4382 1983 4452 evolvi
2017 4388 2145 4482 possint

560 4477 786 4580 perspexeris,
807 4477 837 4546 E
842 4479 1028 4570 syntecticis
1046 4479 1187 4574 qitosti'bet
1205 4481 1322 4553 adhibe
1338 4480 1544 4551 assumendo
1559 4479 1663 4551 lineas
1677 4499 1844 4576 tanquam
1858 4481 1966 4569 dotas,
1981 4483 2000 4554 ii
2015 4485 2145 4580 quibus
2207 4533 2214 4542 ·

558 4583 601 4654 ad
621 4583 698 4650 alias
716 4577 898 4670 facillimus
914 4583 1045 4649 videtur
1068 4577 1252 4673 prtgriffus,
1279 4599 1312 4649 et
1339 4582 1384 4649 ad
1405 4583 1488 4676 ipsos
1510 4581 1649 4670 vicissim
1671 4579 1984 4674 difficillimus.’'-“
2011 4585 2145 4658 utinu-

558 4677 655 4752 ducit
674 4675 804 4770 aialvſss
821 4675 864 4744 nd
883 4677 1146 4770 coinpoſstiererii:
1175 4678 1231 4748 sed
1251 4681 1457 4774 compositio
1475 4703 1544 4750 non
1564 4679 1658 4774 ptius
1679 4679 1756 4750 vere
1777 4683 1827 4770 lit,
1854 4703 1961 4778 quani
1981 4682 2145 4757 liberatur

558 4785 604 4852 ab
623 4774 721 4849 omni
740 4775 879 4866 analysi.
930 4774 1010 4845 lusit
1028 4778 1273 4872 compositioni
1291 4783 1347 4850 vel
1367 4777 1556 4850 minimum
1580 4777 1768 4874 analyseos,
1794 4797 1827 4851 et
1856 4785 2146 4880 compositionem

561 4901 681 4952 veram
700 4869 860 4946 nondum
876 4872 1048 4945 assecutus
1064 4899 1113 4947 es.
1168 4878 1349 4974 Compodtio
1365 4879 1400 4952 in
1425 4879 1460 4953 se
1477 4875 1629 4976 perfetta
1646 4876 1706 4966 est,
1734 4898 1767 4952 et
1786 4877 1805 4952 ὲ
1833 4881 1986 4956 instituti
1999 4882 2148 4980 specula-

562 4983 677 5051 tionum
695 4974 926 5066 amlyeicaruui
941 4974 1139 5048 abhorret.”

2056 5079 2151 5152 Haec
