4854 6182
578 522 626 596 80
1028 541 1345 602 tercenta
1396 545 1704 616 trecenae
1755 523 1773 532 ”

639 737 654 787 ι
662 739 725 812 5²·
747 714 972 814 conjecture
987 714 1273 798 Neuteeiettaede
1286 720 1481 798 ultionibus
1499 722 1639 821 hujusce
1650 721 1802 822 spiritis,
1828 721 1885 797 seu
1900 723 2002 817 fluidi
2016 723 2175 812 elellri'er‘,

584 813 791 912 adstipulari
822 815 873 890 sas
900 817 951 902 su,
977 817 1156 890 recitando
1183 821 1416 917 phanomena
1441 827 1621 918 quadam,
1648 847 1727 919 quae
1754 821 1843 896 mibi
1871 822 1932 920 ipsl
1962 823 2171 922 obtigerunt

583 915 716 986 abhinc
733 913 871 990 circiter
888 917 1086 1000 decennio;
1113 941 1251 993 necnon
1271 921 1348 992 viro
1375 921 1558 995 ciarifftmo
1587 924 1790 1011 Meclettrie,
1818 923 2056 1007 moribund03
2086 943 2175 1016 quae

587 1012 668 1085 latis
698 1015 908 1088 confirmare
936 1015 1104 1096 ridentur¹
1133 1019 1324 1107 ceilmtient
1354 1019 1434 1092 telis
1461 1023 1600 1116 spiritis
1628 1025 1662 1090 in
1697 1023 1768 1114 ipss
1804 1021 1925 1094 cerebri
1953 1021 2173 1116 penetralibus

585 1116 662 1186 eut
688 1112 832 1201 latentis,
864 1129 895 1186 et
921 1113 1141 1208 fenilionilus
1167 1121 1267 1192 animi
1294 1121 1426 1190 retiario
1453 1119 1645 1214 peragendis
1673 1123 1816 1214 opprimi
1839 1119 1956 1212 siricio
1983 1122 2174 1214 necessarie

521 1233 524 1238 ·
584 1207 710 1283 intimo
728 1221 885 1308 quodam
903 1235 935 1282 et
956 1213 1293 1308 incomprehenhbili
1314 1241 1407 1290 nexu
1437 1217 1524 1288 inter
1550 1219 1718 1290 volitiones
1744 1238 1778 1292 ct
1797 1221 1931 1294 aeones
1956 1216 2173 1307 subsistente,

584 1311 818 1384 mediantibus
837 1313 978 1408 organis
995 1311 1181 1410 corporeis.
1235 1315 1349 1402 Nam,
1371 1315 1561 1389 secundum
1580 1317 1711 1390 Loclet

636 1493 662 1528 “
682 1487 712 1558 It
731 1511 809 1580 may
824 1483 918 1560 seem
939 1485 1122 1584 probable,
1150 1487 1223 1560 that
1245 1490 1304 1561 the
1321 1493 1517 1582 corstitutien
1543 1489 1586 1561 of
1606 1491 1666 1560 the
1695 1489 1789 1586 body
1807 1491 1893 1564 does
1906 1494 2089 1590 sometimes
2118 1489 2174 1564 in-

585 1583 720 1658 fluence
737 1586 959 1680 thirrenum
989 1587 1078 1658 since
1096 1607 1147 1655 we
1161 1589 1336 1680 sometimes
1361 1589 1433 1664 find
1457 1613 1478 1660 a
1502 1589 1629 1685 diseese·
1644 1589 1743 1682 quite
1768 1589 1851 1684 strip
1869 1593 1927 1663 the
1946 1591 2042 1663 mind
2061 1589 2103 1664 of
2121 1593 2179 1672 ali

588 1683 645 1754 it'e
676 1683 779 1771 ideas,
805 1685 872 1754 and
892 1689 949 1755 the
968 1685 1087 1756 flames
1105 1681 1147 1754 of
1167 1706 1187 1754 a
1201 1683 1306 1776 sever
1330 1686 1366 1760 in
1394 1711 1414 1758 a
1442 1685 1505 1760 few
1524 1689 1610 1780 days
1636 1685 1769 1759 calcine
1794 1691 1839 1762 all
1865 1689 1963 1762 those
1989 1691 2108 1786 imagis
2137 1707 2182 1762 to

585 1779 663 1853 dust
680 1785 748 1852 and
767 1779 963 1872 confusion,
983 1781 1094 1854 which
1113 1782 1250 1854 scemed
1270 1788 1421 1861 tubeae
1448 1785 1585 1883 lasting,
1612 1809 1648 1858 as
1679 1785 1708 1858 ii
1729 1788 1861 1886 gravcd
1889 1789 1924 1862 in
1949 1789 2182 1864 matblc.”-

584 1881 689 1976 Effoy,
708 1881 795 1956 little
813 1881 863 1954 Η.
881 1905 914 1956 c.
938 1881 1112 1955 10.-Sec
1130 1880 1198 1954 allo
1227 1881 1246 1980 §
1271 1907 1354 1980 195.

637 2165 719 2242 ¹53·
745 2143 880 2218 AEliate
898 2145 980 2217 anni
1004 2147 1110 2242 1789,
1135 2147 1205 2244 iple
1232 2145 1266 2221 in
1284 2149 1412 2242 seirent
1428 2149 1569 2246 biliosum
1587 2147 1709 2240 incidi,
1736 2171 1782 2222 ex
1806 2147 1954 2222 diutinis
1978 2147 2182 2234 laboribus,

582 2241 720 2316 alhduis
737 2243 870 2330 studiis,
899 2243 1083 2342 nimiisque
1101 2247 1197 2318 curis
1215 2250 1441 2324 contradam.
1493 2249 1539 2320 Et
1558 2249 1670 2345 quum
1689 2247 1840 2320 febriens
1858 2247 2032 2321 insomnio
2050 2247 2176 2322 nitere

583 2341 795 2436 iabotarem²
822 2345 981 2418 medicus
1007 2345 1154 2442 quidam
1184 2369 1230 2418 ex
1259 2345 1495 2445 peritioribus,
1521 2349 1679 2444 mihique
1708 2347 1855 2436 amicus,
1882 2347 2016 2420 laudeni
2045 2346 2177 2441 liquidi

585 2441 768 2534 potionem
786 2442 1059 2530 administrabat,
1084 2447 1128 2518 ad
1154 2445 1395 2520 reducendum
1420 2447 1597 2520 somnum.
1650 2453 1698 2518 At
1725 2445 1822 2542 spem
1850 2445 1989 2542 prorsus
2016 2444 2172 2518 fefellit:

582 2536 665 2612 litet
693 2543 786 2615 enim
816 2542 912 2638 potio
934 2542 990 2616 bis
1017 2545 1116 2616 terve
1141 2565 1365 2640 repeteretur,
1396 2548 1561 2620 manebat
1585 2543 1823 2630 insomnium3
1851 2562 1897 2632 et,
1924 2545 2021 2640 quod
2052 2563 2178 2618 notatu

581 2637 823 2735 digniffimum
836 2641 897 2728 est,
918 2643 1129 2740 unaqudque
1148 2643 1238 2731 vice,
1256 2645 1381 2718 decem
1401 2645 1536 2718 circiter
1549 2643 1694 2716 minutis
1711 2645 1879 2738 temporis
1898 2643 1973 2736 post
1991 2643 2178 2736 potionem

584 2737 756 2826 haustam,
794 2741 1051 2832 phaenontenon
1088 2740 1257 2834 singulare
1289 2743 1516 2813 occurrebatt
1555 2741 1645 2835 quest
1666 2741 1819 2836 scintilla
1852 2743 1936 2836 ignis
1965 2741 2094 2836 affatim
2126 2743 2177 2836 es-

574 2835 744 2924 fluxuum
760 2857 798 2910 ete
814 2835 916 2910 oculis
928 2843 1018 2924 erreis,
1035 2837 1137 2910 veleri
1152 2843 1220 2910 illu
1241 2841 1383 2934 pertitio
1436 2837 1503 2908 Me
1521 2836 1595 2932 ipso
1613 2836 1719 2934 igitur
1740 2838 1963 2932 deprecante,
1984 2839 2177 2914 intermiffa

583 2932 633 3006 cst
667 2933 979 3032 potio-Exinde
1010 2935 1130 3010 autem
1164 2937 1369 3010 valetudine
1401 2935 1580 3032 aegenintti
1610 2935 1758 3008 afflilius
1792 2935 1890 3018 sume
1929 2937 2177 3012 affeciionibus

583 3033 750 3124 nervolis,
778 3053 813 3107 et
842 3033 966 3132 capitis
995 3037 1091 3108 lento
1118 3035 1239 3110 dolore
1267 3035 1494 3130 potiffimitm,
1525 3057 1588 3132 per
1613 3033 1829 3121 trienniume
1861 3033 2043 3110 obstructis
2072 3035 2175 3134 quari

583 3131 718 3206 viribus
733 3132 842 3206 animi
853 3132 1050 3218 3-inutilis
1066 3132 1169 3226 mihi,
1197 3133 1328 3210 inutilis
1348 3135 1558 3234 propinquis
1581 3152 1616 3208 et
1640 3133 1775 3224 amicis,
1795 3131 1928 3208 inutilis
1953 3132 2176 3232 reipublice,

583 3266 712 3314 eructat
735 3235 859 3332 axi&
882 3263 1013 3344 αρυρης.

636 3383 803 3478 Tandem
821 3406 856 3480 in
876 3405 1094 3505 plenitudine
1111 3404 1280 3501 temporie
1298 3423 1403 3502 atque
1421 3404 1594 3489 tnoeroris,
1613 3404 1674 3478 ubi
1692 3427 1833 3478 cernere
1844 3420 1916 3476 erat
1933 3399 2062 3476 indicia
2079 3401 2175 3479 haud

585 3504 733 3578 obscura
766 3507 942 3599 paralyseos
968 3502 1117 3600 jamjam
1160 3503 1389 3589 imminentis,
1428 3503 1619 3600 opitulatus
1659 3502 1710 3576 est
1744 3525 1917 3576 urbicus
1952 3523 2196 3576 somnus—a

583 3604 629 3678 ‘H
646 3637 714 3708 pap
729 3611 959 3680 ΔΤΝΑΜΙΣ
976 3629 1061 3681 aucti
1087 3637 1117 3680 εν
1143 3610 1388 3727 ΛΣΘΕΝΕΙᾼ
1416 3601 1743 3680 eiuraret-Mihi
1766 3599 1864 3674 enim
1891 3600 2056 3700 suggeflit
2079 3599 2174 3674 icen

585 3751 712 3837 Daue,
727 3770 765 3824 ut
778 3777 826 3826 ete
840 3751 969 3828 destdii
984 3750 1054 3826 fere
1073 3750 1244 3825 continui„
1257 3773 1315 3824 me
1330 3751 1554 3836 extricatem,
1566 3769 1602 3824 et
1617 3751 1840 3824 ambulando·
1850 3749 1987 3823 sscenue
2005 3775 2063 3826 me
2076 3775 2177 3826 exer·

586 3873 701 3924 cerem
718 3854 762 3924 ad
780 3851 943 3926 sudorem
960 3851 1084 3947 usque,
1110 3849 1224 3947 liquit
1240 3850 1374 3924 ratione
1390 3849 1541 3925 cieretur
1562 3851 1723 3922 defluxio
1741 3853 1760 3920 ὲ
1781 3851 1936 3938 cerebro,
1956 3849 2055 3946 quod
2071 3873 2177 3924 onere

587 3953 680 4046 quast
701 3950 1048 4024 incumbentevalde
1072 3968 1146 4022 etat
1163 3951 1364 4044 opprelsum
1378 3982 1397 4036 3·
1415 3969 1450 4021 et
1471 3947 1575 4048 longe
1600 3949 1692 4020 utut
1709 3947 1993 4042 expectationem
2012 3947 2080 4022 fuir
2102 3951 2177 4023 suc·

588 4049 718 4124 celsus:
737 4073 817 4124 nam
832 4050 868 4122 in
882 4052 950 4122 fine
960 4045 1192 4121 hebdomadis
1206 4048 1308 4120 unius
1322 4049 1382 4120 tali
1395 4049 1563 4122 exercitio
1580 4066 1775 4142 occupatae,
1789 4045 1849 4118 lex
1863 4069 1923 4121 aut
1937 4048 2066 4146 septem
2081 4047 2177 4120 horis

589 4173 651 4240 per
668 4149 779 4237 diem,
798 4148 957 4222 defluxio
975 4145 1132 4222 humoris
1150 4148 1369 4243 lymphatici,
1388 4146 1443 4236 seu
1461 4148 1583 4244 aquei,
1596 4144 1716 4221 subitiov
1728 4147 1857 4240 erupit,
1875 4172 1959 4220 cum
1977 4145 2176 4220 admodum

589 4245 831 4322 incalescerent
848 4249 1079 4335 ambulando,
1105 4265 1140 4318 et
1166 4247 1262 4343 quast
1281 4249 1301 4320 i
1318 4247 1447 4320 vertice
1465 4247 1539 4343 ipso
1565 4271 1653 4318 onus
1671 4245 1880 4318 incumbens
1907 4246 2083 4318 sublatum
2111 4245 2176 4333 est,

468 4385 479 4393 -
507 4367 515 4377 ·
589 4350 736 4420 humore
762 4372 822 4444 pet
845 4348 991 4448 glandes
1017 4345 1217 4419 maxillares
1233 4347 1372 4420 abunde
1391 4347 1538 4420 stillante
1564 4345 1598 4416 in
1627 4371 1690 4429 os;
1718 4363 1752 4416 et
1779 4341 1814 4416 in
1841 4344 1911 4415 fine
1939 4343 2174 4416 hebdomadis

484 4439 488 4452 '
589 4447 743 4537 alterius,
768 4447 941 4544 gradatim
958 4444 1126 4519 exficcati
1143 4445 1361 4534 defluxione,
1385 4447 1431 4519 ad
1450 4443 1641 4544 perfedtam
1666 4441 1911 4538 integrimque
1937 4443 2177 4516 valetudinem

587 4545 762 4619 restitutus
786 4548 891 4632 sum;
916 4567 951 4620 et
969 4543 1318 4640 melioremquidetn
1341 4569 1447 4640 quam
1477 4569 1537 4640 per
1553 4544 1681 4640 viginti
1708 4541 1788 4616 anti
1815 4563 1945 4614 annos..
1989 4540 2176 4638 Diffugere

589 4641 728 4728 lebres3
754 4646 843 4718 redii
858 4649 902 4720 ad
921 4643 1125 4740 me-ipsum,
1143 4645 1231 4716 redii
1246 4645 1290 4716 ad
1309 4643 1425 4717 studia
1437 4645 1500 4715 dib
1516 4641 1721 4730 intermilsa‚
1740 4639 1899 4714 redditus
1922 4639 1998 4714 sum
2026 4643 2173 4738 propin·

591 4744 670 4840 quis
686 4742 888 4840 amicisque,
913 4745 1071 4818 redditus
1092 4744 1395 4838 patria—Iterum
1421 4743 1509 4818 mibi
1537 4742 1697 4818 conceffa
1722 4739 1784 4832 est,
1810 4763 1873 4839 per
1900 4737 2171 4815 misericordiam

458 4851 459 4854 ’
591 4841 765 4936 divinam,
790 4847 891 4918 Mens
905 4847 994 4939 sana
1011 4848 1044 4915 itt
1060 4861 1189 4940 corpore
1199 4846 1298 4932 sane.

890 5041 1475 5118 Duoornnomxmomnst
1534 5105 1538 5113 ,
1580 5038 1765 5118 Lutatii.
1791 5043 1854 5114 ιθ.
2103 5133 2133 5206 R

1996 5156 2078 5233 ¹54·
2137 5157 2174 5206 e·
