4874 6174
583 553 631 647 96
1029 575 1349 632 nnnnnntx
1400 575 1714 644 stennone

582 779 616 829 et
643 735 760 844 Shebo,
787 757 947 856 adedqne
974 759 1087 858 Pelegi
1110 787 1281 853 emanas,
1306 764 1451 862 quintus
1479 764 1647 841 nimisnm
1677 765 1696 841 ὲ
1724 763 1835 853 Nom,
1863 785 1934 840 nnn
1963 763 2099 855 tertius,
2124 785 2165 843 ut

580 857 747 934 hactenns
765 862 784 930 is
801 857 1037 966 chronologis
1055 863 1147 937 maii
1165 863 1387 961 supponitur.

633 1079 713 1154 ¹79·
734 1059 912 1172 ingruenti
931 1061 1014 1136 hnic
1031 1063 1239 1136 idololatria
1257 1061 1392 1138 sortitis
1409 1063 1442 1140 se
1456 1063 1620 1163 opposuit
1633 1065 1709 1159 Job,
1725 1063 1891 1161 septimus
1903 1066 1961 1138 vel
1977 1064 2120 1137 odavus
2138 1055 2160 1130 i

578 1156 688 1232 sonat.
744 1161 851 1254 (the
869 1161 1082 1258 Abulfurogi,
1108 1189 1144 1260 p.
1168 1167 1239 1258 13.)

775 1317 801 1353 “
820 1307 857 1381 Si
874 1309 1062 1406 aspicerem
1080 1312 1209 1386 lutem'
1233 1308 1353 1412 [Solis]
1373 1311 1435 1384 nbi
1453 1291 1671 1406 splendebat,
2048 1315 2160 1389 ‘nnn

819 1413 895 1482 Ant
913 1410 1040 1483 Lunum
1059 1411 1167 1506 glorii
1185 1412 1432 1496 incedentem,
2215 1411 2216 1416 ’

821 1506 856 1580 Si
875 1533 1072 1582 cormeum
1091 1511 1125 1582 in
1143 1513 1282 1584 occulto
1300 1509 1479 1584 scduitum
1498 1509 1593 1595 effet,

818 1611 899 1678 Aut
917 1631 1040 1680 manus
1058 1633 1135 1680 mea
1152 1613 1196 1680 ab
1213 1633 1273 1679 ore
1290 1608 1525 1693 oscularetur,

816 1704 935 1778 Etiam
950 1707 1022 1778 hoc
1040 1705 1132 1780 foret
1147 1712 1266 1780 crimen
1278 1707 1452 1802 judiciale,

817 1803 870 1878 lta
887 1806 982 1878 enim
1001 1806 1165 1879 mentitus
1183 1805 1288 1880 etiem
1307 1807 1394 1880 Dao
1412 1802 1636 1878 Sunncm0.”
1735 1803 1805 1902 Job
1819 1801 1923 1878 xxxi.
1942 1803 2003 1876 262

546 2085 550 2092 .
622 2027 702 2096 180.
731 2023 815 2106 Sed,
842 2025 986 2122 domnina
1003 2027 1156 2123 quidum
1176 2029 1332 2102 imminuit
1356 2027 1424 2100 dies
1438 2025 1708 2098 ?-Sublimem
1737 2043 1772 2097 et
1803 2027 1968 2098 ssncemm
2000 2020 2150 2094 Paniar-

567 2123 709 2192 charnm
744 2122 964 2198 Chaldaeorum
990 2147 1096 2222 atque
1123 2127 1329 2200 Hebraeorum
1356 2125 1672 2218 Theologiam-“
1691 2124 1887 2197 Semnum
1917 2121 2147 2194 Summum

566 2223 600 2290 in
614 2223 740 2314 spiritu
757 2241 864 2319 atque
881 2227 1022 2296 venitote
1038 2224 1103 2298 tite}
1120 2225 1398 2310 venerantium,'’
1424 2223 1566 2296 tandem
1593 2221 1748 2317 corrupit
1775 2242 1808 2291 et
1836 2217 2021 2294 inundavit
2048 2219 2147 2294 Sabi·

564 2321 713 2410 unismus,
733 2318 788 2392 seu
810 2323 1002 2417 pravisfima
1019 2323 1215 2397 idololatria
1231 2321 1396 2394 astrorum
1413 2352 1424 2413 3
1446 2333 1472 2366 “
1480 2320 1650 2415 fingebant
1664 2324 1746 2394 erim
1764 2318 1979 2404 idololomae,’'
2000 2336 2037 2389 nt
2057 2313 2145 2388 beni

563 2435 662 2496 notat
678 2419 871 2508 Newtonus,
892 2425 1036 2515 Princsp.
1055 2447 1089 2518 p.
1109 2431 1275 2520 529.—“
1293 2423 1407 2510 Solem,
1428 2423 1552 2495 Lunam
1570 2438 1604 2490 et
1623 2421 1732 2508 Astra,
1751 2419 1887 2492 Animos
1904 2415 2086 2499 Hominum,
2110 2431 2147 2484 et

561 2513 646 2587 alias
665 2517 786 2590 Mundi
806 2536 933 2612 portes,
959 2523 1026 2592 effe
1045 2538 1161 2617 partos
1179 2523 1256 2592 Det
1276 2523 1439 2602 Sunium
1466 2537 1499 2590 et
1517 2515 1598 2588 ided
1615 2517 1770 2606 colendas,
1796 2515 1855 2590 sed
1873 2512 2146 2610 salsa-Atque

563 2637 609 2686 ex
627 2615 762 2687 cunctis
784 2617 1002 2712 Philosophia
1022 2616 1317 2717 Mythologisque
1332 2617 1526 2704 Gentilibus,
1552 2617 1666 2690 eheui

759 2768 785 2806 “
804 2763 973 2856 Apparent
991 2767 1066 2836 rani
1081 2780 1193 2836 nantes
1209 2769 1244 2836 in
1262 2769 1396 2862 gurgite
1411 2762 1538 2854 venio?

553 2911 620 3008 qui
638 2911 684 2984 de
701 2913 788 2988 Dso
806 2913 869 2986 riti
888 2911 1091 2994 sentiebant.

610 3111 692 3184 181.
720 3109 878 3207 Operam
911 3114 1131 3212 Philosophia
1158 3113 1280 3189 nostris
1299 3118 1470 3192 Britannis
1492 3115 1586 3189 haisd
1612 3113 1784 3226 ingratam
1812 3135 1869 3184 me
1896 3108 2138 3210 impensurum

557 3206 668 3306 spero,
695 3212 717 3281 ss
739 3211 869 3284 cursim
897 3236 941 3284 ex
968 3215 1090 3290 Graecis
1115 3219 1327 3317 Romanisque
1353 3215 1588 3314 Mythologis,
1615 3237 1739 3286 mnam
1767 3231 1801 3284 et
1827 3211 2034 3306 plorandam
2061 3211 2139 3283 sani

556 3307 743 3380 coecutiam
760 3331 866 3408 atque
881 3315 1082 3386 vecordiam
1098 3316 1214 3410 paucis
1232 3314 1406 3408 exemplis
1424 3315 1603 3402 illustrem,
1621 3313 1667 3383 de
1683 3313 1753 3382 Deo
1766 3311 1926 3390 materiali
1942 3333 2003 3404 per
2016 3332 2141 3388 vocem

554 3413 671 3520 Adue,
699 3409 753 3480 vel
772 3411 911 3500 AEtber‚
939 3415 984 3486 ab
1015 3413 1169 3512 utrisque
1197 3413 1386 3498 intellecto,
1413 3411 1604 3510 turpissimi
1630 3409 1755 3484 Prisca
1779 3407 1988 3504 Theologiae
2015 3407 2139 3502 depra-

554 3528 706 3579 vatione.
1178 3535 1181 3544 ’

602 3630 864 3801 ἶςεςοεάοηπη
888 3635 1095 3707 Graecosum
1114 3631 1381 3732 antiquissimus,
1399 3633 1582 3734 AEschyius,
1599 3633 1781 3720 AEtberom,
1806 3632 1873 3706 eise
1889 3633 1994 3704 Deum
2019 3629 2139 3728 aperti

552 3754 599 3824 po
615 3753 680 3803 un.

551 3937 654 3996 dicitur
677 3941 755 3998 Artes
779 3941 905 4016 Mogicus
933 3940 995 4014 [seu
1018 3941 1175 4018 disciplinae
1200 3944 1364 4020 Magorum]
1389 3943 1526 4012 inuenisse,
1548 3955 1577 4002 et
1600 3899 1692 4001 mundi
1708 3941 1850 4021 poincipio,
1867 3938 2026 4017 siderimquu
2055 3955 2136 4002 motus

542 4018 688 4092 sp‘W‘d
732 4019 797 4076 Hoc
809 4017 911 4087 occiso,
931 4032 960 4075 et
974 4017 1031 4096 ipse
1045 4017 1172 4088 deceffit3
1187 4020 1284 4077 relido
1298 4022 1439 4098 impubere
1453 4021 1544 4078 adhinc
1558 4019 1615 4077 filio
1629 4021 1721 4094 Ninya
1733 4035 1762 4076 et
1776 4039 1862 4078 uxore
1876 4019 2097 4079 Semiramide—'³

591 4119 661 4188 Hic,
682 4121 815 4198 Justinus,
835 4141 911 4180 more
925 4121 1036 4180 Graetiae
1050 4119 1198 4188 mendacia,
1221 4141 1286 4180 vera
1306 4122 1377 4182 saliit
1399 4122 1555 4181 immiscuit.
1596 4123 1750 4180 Nimrodum
1772 4122 1859 4200 probi
1881 4120 1974 4188 refert.
1998 4119 2133 4180 finitimot

550 4194 735 4266 invadentem,
755 4212 838 4274 atque
860 4197 1071 4258 interficientem
1091 4196 1201 4269 ultimis,
1241 4199 1304 4257 auid
1325 4198 1390 4260 anti
1413 4201 1532 4270 obitum,
1552 4199 1724 4278 Zoroastren,
1749 4195 1859 4276 (sorsin
1883 4199 1961 4273 Peicg
1984 4195 2082 4272 ipsum,
2103 4199 2131 4256 in

551 4271 700 4363 Montibus
724 4276 855 4350 Auaron)
877 4277 1093 4367 Archimagum
1124 4275 1205 4349 periti
1227 4276 1366 4412 [minusque
1393 4277 1606 4336 Astro'nomum.
1646 4277 1700 4336 Sed
1724 4297 1815 4334 errore
1838 4274 1918 4351 plani
1944 4272 2069 4344 ridiculo,
2092 4277 2130 4334 ob

550 4349 684 4409 snscituam
700 4351 872 4430 [inguarum
886 4353 1082 4424 Orientalium,
1105 4355 1205 4430 Trogus
1218 4353 1321 4412 transtu
1334 4355 1355 4414 it
1370 4361 1456 4414 urbem
1470 4353 1583 4422 Notaui
1596 4356 1711 4414 Ninnod
1720 4355 1871 4422 conditam,
1890 4351 1936 4409 seu
1954 4351 2082 4422 Nininm,
2102 4354 2131 4410 in

543 4426 634 4501 filium
649 4431 787 4507 “Ninyam
796 4431 904 4489 !''-Et
915 4433 949 4490 de
958 4431 1125 4490 Semiramide
1137 4430 1292 4490 fabulatur!
1310 4433 1383 4492 Vera
1392 4431 1465 4496 enim
1475 4433 1642 4502 Semiramio,
1651 4431 1887 4509 quinquetanttim
1895 4427 2131 4505 generationibus,

550 4504 618 4562 teste
641 4507 785 4578 Herodoto,
806 4508 946 4568 antecedit
968 4503 1111 4577 Nitentem,
1131 4506 1263 4584 inignem
1287 4511 1434 4587 Reginam,
1463 4529 1524 4586 qna
1551 4507 1688 4586 Babyloni
1712 4506 1875 4564 exstruendo
1898 4517 1982 4578 atque
2006 4509 2130 4566 ornando

548 4581 674 4640 ultimam
691 4605 800 4644 manum
814 4586 963 4664 imposuit;
978 4587 1024 4644 illa
1037 4584 1130 4644 autem
1141 4585 1248 4642 videtur
1260 4585 1336 4644 fuiffe
1349 4587 1443 4663 magni
1456 4586 1708 4645 Nabuchadnenznri
1720 4603 1798 4650 uxos,
1809 4582 1910 4656 dequo
1921 4581 2034 4651 Daniel,
2046 4603 2074 4640 n.
2086 4603 2132 4644 to.

589 4681 745 4740 Secundini
760 4684 978 4743 emendationem
992 4684 1110 4742 nostram
1123 4681 1301 4758 Chronoiogiae
1315 4685 1415 4750 Sacrae,
1429 4683 1526 4741 incidit
1540 4683 1697 4742 distributio
1709 4693 1843 4736 tectarum
1854 4675 2044 4736 habitabilium
2060 4679 2133 4740 inter

550 4758 681 4820 Colonias
695 4759 916 4830 Nonchidarum,
938 4771 958 4799 ‘⁸
973 4762 1000 4820 in
1015 4763 1111 4820 diebus
1126 4761 1236 4837 Pelegi,”
1259 4761 1291 4836 (i.
1304 4781 1328 4820 e.
1351 4768 1372 4796 ‘⁶
1385 4762 1571 4838 Dinfionis,'')
1594 4762 1639 4820 ubi
1653 4758 1750 4818 floruit
1764 4754 1807 4814 iiie
1821 4755 1909 4812 Ninus
1920 4755 2130 4830 Arcisirebellio,

549 4858 623 4895 anno
640 4855 692 4912 541
709 4836 829 4906 circitcr,
850 4839 910 4914 post
931 4840 1084 4909 diluvium
1105 4838 1150 4898 seu
1164 4857 1238 4896 anno
1255 4839 1329 4914 2615
1350 4836 1416 4895 anti
1428 4837 1529 4896 AEram
1543 4837 1743 4900 Christianam:
1764 4831 1859 4892 floruit
1871 4837 1966 4892 autdm
1985 4832 2030 4892 illa
2049 4835 2131 4894 Semi·

548 4917 631 4976 ramis
646 4935 709 4992 quas
723 4916 822 4974 moenia
837 4917 978 4992 Babylonis
991 4915 1151 4988 construxit,
1175 4915 1230 4974 166
1250 4917 1327 4974 annia
1347 4913 1441 4974 saltim
1465 4913 1530 4975 anti
1543 4915 1651 4973 obitum
1665 4909 1918 4987 Nebuobadneaaor‚
1944 4911 1995 4970 five
2018 4912 2070 4969 166
2095 4921 2124 4976 -t-

552 4996 604 5070 561
625 5017 656 5046 =
676 5009 730 5072 7²7
745 4993 810 5052 anti
825 4993 923 5052 AEram
937 4993 1131 5053 Christianam.
1170 4994 1314 5053 Semiramis
1324 4991 1444 5078 proindi
1455 5014 1506 5076 pso
1519 5009 1606 5054 unote
1626 4989 1817 5068 Nabouaffori,
1835 4985 1927 5067 (cnjuo
1949 5009 2003 5048 cra
2023 4987 2128 5062 incepit

550 5087 605 5146 747
622 5073 698 5134 annis
711 5071 775 5132 ause
789 5071 910 5146 Christ.)
930 5075 992 5152 jure
1006 5070 1099 5132 haberi
1114 5071 1212 5150 potest.

2005 5149 2128 5226 ΖΕΥΣ
