4854 6182
894 557 1039 610 naas
1093 551 1305 606 ternu.
1822 543 1866 617 31

333 743 382 816 Et
400 739 548 836 proinde
568 739 655 812 tatio
677 761 691 812 1
713 734 757 808 ad
785 755 840 818 ax,
867 751 1020 830 exponet
1038 731 1207 803 rationem
1226 725 1432 800 incrementi
1459 725 1572 836 lateris
1590 725 1802 800 variabilise
1823 729 1869 800 ad

284 841 538 916 incrementum
554 837 714 934 quadrati
728 831 902 908 variabilis
919 839 967 918 κ’,
987 835 1062 928 ipso
1081 832 1114 902 in
1132 831 1248 915 linire,
1268 830 1326 900 ubi
1341 831 1353 894 i
1367 823 1554 942 evanescit,
1572 831 1733 942 aestuate
1748 861 1758 914 3
1776 849 1869 900 ante-

284 941 395 1033 quem
421 940 606 1026 evanescit,
637 938 746 1034 quam
777 934 938 1026 proxime
968 931 1115 1003 tanturn.
1164 932 1213 998 At
1231 931 1319 1000 limes
1337 930 1470 996 rationis
1487 926 1596 998 borram
1614 945 1869 1000 incrementorum

284 1044 526 1132 evanescentium
545 1033 820 1112 solummodum
842 1031 972 1108 Calculo
990 1026 1225 1124 Differentiali,
1246 1027 1360 1100 Enlmo
1380 1024 1515 1119 judice,
1538 1027 1721 1122 speliatur.

180 1319 185 1330 .
338 1251 399 1354 73.
425 1255 516 1362 Qtis
533 1279 604 1326 non
621 1253 717 1326 videt
735 1247 885 1342 analysia
903 1247 992 1320 beni
1010 1245 1185 1330 cordatus,
1212 1243 1254 1314 ad
1280 1243 1438 1313 amussim
1466 1239 1637 1338 quadrare
1657 1243 1873 1317 Methodum

289 1333 502 1431 Florianalern
529 1377 612 1425 cum
648 1350 802 1426 Methodo
832 1347 1068 1440 Differentiali‚
1101 1349 1170 1415 tint
1202 1344 1313 1415 Euleri
1343 1345 1449 1436 quint
1479 1343 1532 1413 De
1558 1342 1610 1412 La
1635 1343 1874 1440 Gratusi-et

280 1435 462 1528 'methodo
495 1451 633 1547 utrique
660 1450 762 1546 aeque
791 1465 990 1542 competere
1022 1442 1333 1536 considerationem
1362 1443 1509 1534 senaparis
1540 1441 1627 1512 inter
1652 1441 1876 1514 crescendum

291 1549 608 1628 decrescendirnrno
639 1541 848 1642 elapsti-sr
875 1569 946 1615 oon
976 1545 1227 1640 “formiam'’
1255 1542 1413 1636 quidem,
1453 1541 1570 1612 saltem
1601 1565 1658 1634 per
1685 1546 1876 1636 analogiam,

291 1655 360 1724 stne
377 1674 440 1748 per
456 1649 784 1732 accommodationem,
801 1667 835 1716 et
850 1639 1041 1714 illustrandi
1061 1642 1172 1736 gratia
1188 1642 1287 1712 i-et
1305 1641 1407 1734 quale
1425 1661 1485 1712 aut
1504 1661 1672 1734 quantum
1689 1640 1879 1714 intercedat

291 1729 476 1822 discrimen
505 1749 682 1844 (intelligo
719 1769 841 1817 verum
875 1739 1075 1826 discrimen,
1113 1763 1185 1810 non
1220 1738 1353 1810 nomini
1386 1741 1500 1832 teuirs)
1538 1741 1624 1811 inter
1653 1745 1880 1814 “momenta’'

291 1847 469 1934 Nentoni,
508 1868 542 1922 et
568 1857 593 1892 “
618 1853 806 1920 incrementa
836 1843 1050 1936 evanescentia
1062 1839 1083 1870 ''
1118 1838 1251 1920 Euleri,
1278 1840 1434 1932 detegat,
1460 1862 1536 1924 oro,
1564 1838 1798 1934 analystarum
1823 1843 1880 1915 uel

294 1948 665 2046 perspicacilstmorum
682 1943 815 2020 curiosa
833 1939 992 2030 felicitas,
1016 1936 1196 2013 insaecula
1213 1935 1433 2011 saeculorum.

345 2165 408 2236 74.
426 2141 526 2214 'Non
555 2139 690 2214 idcirco
708 2138 777 2212 ‘nin
810 2134 970 2234 imperite
999 2129 1196 2228 objicientis
1224 2128 1272 2202 est
1302 2139 1327 2174 “
1346 2131 1576 2222 animadversa
1595 2129 1699 2244 'docti
1728 2133 1884 2221 aaran?

296 2265 404 2339 quam
434 2239 659 2314 commendat
689 2241 746 2312 M.
778 2240 823 2312 R.
867 2236 1097 2333 qtrasr-inter
1128 2233 1268 2324 enenrpln
1296 2229 1461 2304 admodum
1491 2234 1667 2328 perspicae
1696 2233 1886 2332 validaeque

297 2342 581 2440 argumentationis
593 2341 613 2372 ''
643 2337 966 2413 annumerandam:

349 2501 376 2537 “
394 2489 506 2586 Neque
520 2495 597 2560 ueri
614 2479 783 2584 qnidqnam
801 2506 911 2586 agnat,
939 2489 1007 2584 qni,
1027 2483 1261 2562 infinitesrmas
1279 2479 1486 2578 quantitates
1503 2483 1689 2575 rejicientes,
1709 2509 1888 2562 momenta

257 2657 264 2672 ,
302 2590 465 2686 quaedam
491 2588 693 2671 caramloco
719 2590 976 2662 Gsonrmne
1001 2587 1170 2682 inserant,
1197 2585 1293 2678 eique
1322 2585 1370 2652 ira
1401 2593 1533 2667 vocant,
1561 2585 1650 2674 qaid
1676 2587 1892 2680 concipiente?

301 2705 484 2760 momento
502 2687 668 2782 temporis
683 2685 790 2772 finita
812 2686 1039 2782 magnitudinis
1054 2685 1150 2776 finan
1177 2685 1280 2754 oriri:
1308 2681 1347 2755 Si
1370 2683 1449 2752 enirn
1479 2703 1662 2752 momenta
1694 2683 1770 2756 haec
1797 2689 1895 2760 uires

288 2789 371 2880 suos
384 2783 516 2872 finarda
531 2787 701 2878 explicant,
726 2809 786 2856 non
807 2786 991 2882 alindsnnt
1008 2787 1104 2882 quein
1132 2780 1211 2878 ipsae
1239 2805 1319 2878 qaas
1345 2781 1492 2876 rej‘icinnt
1522 2779 1750 2854 infinitesrmae
1777 2787 1890 2880 quanss

300 2885 415 2955 titates
428 2915 438 2964 t
451 2884 508 2979 ſsia
534 2889 640 2960 ausim
662 2891 807 2960 nituntur
822 2905 918 2980 neque
942 2899 1049 2954 tanen
1074 2885 1164 2954 ultra
1189 2881 1333 2966 tendunt,
1361 2900 1493 2952 novum
1524 2882 1739 2956 vocabulum
1755 2887 1891 2986 feminei

300 2981 479 3072 indicitur,
504 2985 581 3055 dam
597 2984 634 3055 id
647 2985 728 3080 qaod
744 2977 830 3056 nihil
848 2983 888 3074 eil
906 2999 1129 3054 momentum
1146 2980 1365 3077 appellarer.'’

354 3123 407 3192 At
424 3119 492 3192 ruit
510 3120 660 3218 objectio
674 3119 743 3196 suis
762 3123 896 3194 vitibus
915 3122 1044 3197 eversa.
1097 3123 1210 3206 Nam,
1238 3146 1269 3194 r.
1286 3137 1466 3194 momentum
1490 3145 1559 3194 non
1587 3123 1637 3197 est
1663 3127 1756 3216 nihil,
1786 3149 1822 3204 ut
1845 3157 1894 3206 ex

305 3218 508 3290 definitione
527 3219 680 3309 constot3
709 3245 786 3308 nec,
807 3243 840 3294 a.
859 3219 906 3292 est
924 3219 1120 3312 infinitestma
1139 3222 1317 3318 quantitas,
1346 3245 1428 3291 curn
1447 3225 1674 3316 magnitudinis
1689 3227 1807 3317 finirae,
1833 3231 1892 3314 seo

303 3319 556 3406 determinatae,
583 3320 679 3414 (licet
704 3323 798 3416 quim
821 3321 972 3412 minima)
1002 3323 1070 3392 else
1096 3315 1347 3412 concipiatur;¹
1379 3343 1474 3404 narn,
1500 3340 1535 3390 ut
1565 3329 1813 3402 accuratissimi
1844 3333 1893 3404 lo.

303 3417 426 3514 quitur
443 3419 637 3504 Netotonus,
657 3416 704 3488 est
722 3425 748 3462 “
767 3434 964 3514 angmentum
979 3419 1114 3510 fluentis
1130 3433 1268 3512 tempore
1282 3421 1378 3510 qnam
1394 3419 1521 3491 minimo
1543 3426 1683 3514 genitam
1700 3427 1738 3511 ;”
1765 3453 1894 3528 neque,

307 3541 343 3616 3.
363 3517 384 3586 st
404 3514 519 3588 valida
537 3519 588 3604 su,
615 3515 729 3590 minius
746 3515 915 3590 hostiliter
933 3519 967 3590 in
991 3517 1208 3592 Methodum
1237 3515 1502 3610 Differentiolem,
1530 3519 1638 3616 qttiun
1669 3526 1894 3620 Flnnicaalem,

305 3613 497 3699 invehitur,
525 3613 648 3688 iisdem
668 3615 848 3714 principiis
865 3615 1000 3692 innixas
1013 3649 1026 3707 3
1051 3617 1160 3692 totius
1183 3619 1362 3712 anulyleos
1386 3617 1597 3692 sublimioris
1624 3617 1896 3706 fundamentum

306 3713 407 3813 aeque
425 3712 678 3790 labefactando.

360 3962 421 4037 75.
450 3940 530 4011 Nec
545 3938 672 4016 -minits
692 3941 762 4016 ruit
789 3943 896 4014 altera
925 3939 985 4014 isla
1001 3935 1155 4034 objeliio
1173 3939 1384 4013 D'Alemberr
1401 3941 1492 4038 ¹(f),
1520 3941 1554 4016 in
1582 3968 1707 4019 vocem
1736 3957 1759 3991 “
1781 3911 1897 4046 Veloci-

304 4040 434 4113 lotem'’
451 4035 774 4132 animadvertentis,
791 4042 925 4140 quippi
939 4065 1020 4138 quae
1036 4041 1163 4112 eodem
1182 4039 1320 4111 reditio
1341 4040 1435 4112 seusu
1446 4039 1645 4140 Algelriico,
1665 4075 1705 4122 ac
1723 4059 1748 4092 “
1763 4057 1896 4125 r·ario.'’

348 4288 411 4368 (f)
427 4297 450 4328 “
462 4288 509 4348 To
520 4287 603 4367 spenit
612 4289 646 4347 of
651 4289 821 4350 D'Alernbert
832 4294 969 4371 merelyae
980 4315 994 4350 a
1006 4289 1251 4360 mathematician‚''
1263 4292 1336 4351 'l'rre
1348 4293 1516 4354 Mnn‘rrruu
1528 4297 1654 4359 Rcvtsw
1666 4302 1748 4360 sectus
1761 4308 1853 4366 rather
1864 4325 1894 4366 to

306 4383 441 4428 orer-rate
456 4369 499 4424 hio
512 4369 607 4425 merite
618 4370 808 4428 :assumeret
821 4371 957 4448 prosound
973 4371 1015 4428 iria
1028 4373 1191 4442 rel'earcltee,
1205 4373 1258 4430 and
1270 4374 1407 4431 extensive
1421 4375 1463 4430 lris
1475 4375 1584 4434 labours
1599 4388 1619 4413 ‘⁴
1631 4395 1660 4436 to
1675 4381 1747 4437 clear
1757 4405 1832 4442 attan
1846 4391 1893 4446 itt„-
1991 4383 1998 4398 '

309 4443 417 4502 rubbilh
429 4443 566 4522 osjorgon
578 4448 631 4504 and
640 4448 742 4524 ’'ssst‘sl
752 4449 823 4506 srom
833 4449 970 4517 science‚''
985 4449 1212 4510 ltiecaleulatiuua
1223 4452 1277 4508 aad
1288 4453 1516 4510 demunsltarious
1525 4473 1570 4510 are
1583 4457 1762 4534 exceedingly
1774 4452 1892 4543 ruggeri,

310 4521 399 4597 prolix
414 4525 467 4590 and
482 4523 630 4589 intricatea
654 4531 694 4582 lor
708 4529 835 4585 removed
850 4527 919 4585 stom
936 4529 1035 4592 thecle
1058 4549 1138 4596 ¹auce,
1160 4527 1326 4586 conciseness
1348 4531 1400 4588 and
1425 4523 1617 4606 arrangiment
1640 4534 1674 4592 os
1694 4537 1819 4612 ls'rsuran,
1840 4549 1894 4602 and
1952 4604 1956 4612 Ι

308 4619 374 4655 eren
389 4599 422 4656 os
440 4600 522 4658 Euler
535 4603 587 4658 ond
606 4601 875 4662 &ainana-When
893 4607 1004 4665 Lanrlm
1029 4549 1154 4682 (irimsels
1171 4605 1338 4682 aprosound
1358 4607 1591 4676 mutiremntieiou,
1612 4613 1664 4670 and
1681 4617 1743 4672 wito
1765 4621 1819 4677 lirll
1842 4624 1895 4678 dit'.

307 4677 424 4734 covered
438 4678 485 4734 the
500 4677 593 4735 sottrce
607 4679 642 4736 uf
659 4681 802 4739 Naman’s
817 4683 938 4750 militasse,
953 4687 978 4740 in
994 4685 1181 4759 de'termittins,t
1195 4685 1242 4741 tlte
1258 4685 1388 4762 quantity
1402 4687 1435 4742 us
1448 4687 1496 4744 tlte
1511 4691 1638 4764 jrrrrfficn
1653 4695 1686 4769 of
1699 4693 1740 4751 lla·
1752 4703 1894 4775 equinam,

309 4755 358 4812 tite
371 4754 452 4811 rnerit
467 4754 500 4810 os
510 4757 602 4816 witich
616 4759 640 4814 ie
652 4763 805 4820 attributed
820 4775 850 4818 to
865 4764 1040 4821 li'Alenrhrri
1053 4766 1093 4837 up
1106 4764 1154 4819 tlte
1171 4760 1215 4818 Μ.
1234 4761 1287 4834 R.)
1313 4766 1365 4821 irad
1388 4765 1531 4822 examined
1557 4767 1755 4832 ll’tlnuisrr's
1777 4777 1892 4832 eulmina
1959 4817 1964 4828 .

307 4831 343 4889 of
359 4833 408 4890 the
424 4831 521 4907 Ἧκον]
535 4838 569 4906 ⁰f
578 4835 709 4912 Rolrrtory
724 4839 839 4906 illationi,
861 4840 989 4914 ‹sitiering
1003 4841 1075 4900 from
1089 4842 1131 4898 itis
1150 4861 1225 4906 own,
1246 4841 1280 4900 lte
1296 4858 1349 4915 pao
1370 4843 1467 4902 unable
1489 4859 1519 4900 to
1539 4845 1661 4904 discover
1681 4853 1729 4907 tlte
1751 4853 1844 4910 smeret
1864 4854 1898 4908 of

309 4911 371 4967 that
385 4909 531 4967 differente
548 4911 574 4967 in
590 4915 636 4970 tlte
652 4915 778 4992 alfini-ily
792 4918 824 4974 ol
843 4919 884 4975 lis
897 4933 1053 4994 argument,
1074 4920 1145 4979 until
1158 4918 1258 4976 uffilltd
1280 4921 1317 4996 by
1332 4921 1380 4978 the
1401 4922 1568 5011 perspicuity
1584 4925 1617 4982 os
1634 4927 1742 4986 Ealr's
1762 4951 1873 4986 rnanner
1885 4943 1898 4998 ς·

309 4987 399 5048 wltose
414 4987 533 5043 soitrtion
549 4991 647 5064 agreed
663 4993 688 5048 itt
706 4994 751 5049 it's
765 4995 847 5052 result
862 4995 929 5054 uitii
946 4995 1262 5055 ll’Alnnlmr's--And
1277 4997 1366 5076 surely
1381 4999 1422 5056 lus
1437 4999 1575 5077 objediion
1598 5019 1629 5061 to
1651 5008 1698 5064 tlte
1722 5007 1842 5066 Metltod
1865 5009 1899 5066 of

309 5063 442 5130 fluxioni
457 5065 540 5126 ssrcwe
554 5066 614 5125 that
629 5067 664 5126 lte
679 5091 733 5130 was
748 5085 800 5131 not·
811 5075 909 5149 derply
924 5073 1013 5134 cersed
1028 5077 1054 5134 in
1069 5077 1117 5134 the
1131 5075 1315 5154 mr‘opljrſspne
1328 5077 1361 5136 oi
1378 5078 1424 5136 tlte
1437 5079 1551 5140 sciente.
1890 5091 1896 5104 '

1235 5179 1254 5250 3
1473 5217 1477 5226 ·
1769 5189 1895 5263 'tt
